<record><leader>00000cas a2200000 a 4500</leader><controlfield tag="001">41407726</controlfield><controlfield tag="008">990521d19uu19uuiluwr ne      0    0eng c</controlfield><datafield ind1=" " ind2=" " tag="010"><subfield code="a">sn 99064011 </subfield></datafield><datafield ind1=" " ind2=" " tag="040"><subfield code="a">NVF</subfield><subfield code="b">eng</subfield><subfield code="c">NVF</subfield><subfield code="d">NVF</subfield><subfield code="d">OCLCQ</subfield><subfield code="d">OCLCF</subfield><subfield code="d">OCLCO</subfield></datafield><datafield ind1=" " ind2=" " tag="042"><subfield code="a">pcc</subfield></datafield><datafield ind1=" " ind2=" " tag="043"><subfield code="a">n-us-il</subfield></datafield><datafield ind1="0" ind2="0" tag="245"><subfield code="a">Mount Prospect independent.</subfield></datafield><datafield ind1=" " ind2=" " tag="260"><subfield code="a">Mount Prospect, Ill. :</subfield><subfield code="b">Carl Krueger</subfield></datafield><datafield ind1=" " ind2=" " tag="300"><subfield code="a">v.</subfield></datafield><datafield ind1=" " ind2=" " tag="310"><subfield code="a">Weekly</subfield></datafield><datafield ind1=" " ind2=" " tag="515"><subfield code="a">Issue for v. 5, no. 2 (Apr. 30, 1964) erronseously designated as v. 5, no. 1 (Apr. 23, 1964).</subfield></datafield><datafield ind1=" " ind2=" " tag="588"><subfield code="a">Description based on: Vol. 5, no. 1 [i.e. 2] (Apr. 23 [i.e. 30], 1964).</subfield></datafield><datafield ind1=" " ind2=" " tag="588"><subfield code="a">Latest issue consulted: Jan. 27, 1966.</subfield></datafield><datafield ind1=" " ind2="0" tag="651"><subfield code="a">Mount Prospect (Ill.)</subfield><subfield code="v">Newspapers.</subfield></datafield><datafield ind1=" " ind2="7" tag="655"><subfield code="a">Newspapers.</subfield><subfield code="2">fast</subfield><subfield code="0">(OCoLC)fst01423814</subfield></datafield><datafield ind1=" " ind2="7" tag="651"><subfield code="a">Illinois</subfield><subfield code="z">Mount Prospect.</subfield><subfield code="2">fast</subfield><subfield code="0">(OCoLC)fst01204259</subfield></datafield><datafield ind1=" " ind2=" " tag="752"><subfield code="a">United States</subfield><subfield code="b">Illinois</subfield><subfield code="c">Cook</subfield><subfield code="d">Mount Prospect.</subfield></datafield><datafield ind1="0" ind2=" " tag="775"><subfield code="t">Wheeling indpendent</subfield></datafield></record>